<record><leader>00000cas a22000007a 4500</leader><controlfield tag="001">10447661</controlfield><controlfield tag="008">840223d18621918pauwr ne      0    0eng d</controlfield><datafield ind1=" " ind2=" " tag="010"><subfield code="a">sn 84026389 </subfield></datafield><datafield ind1=" " ind2=" " tag="040"><subfield code="a">NPU</subfield><subfield code="b">eng</subfield><subfield code="c">NPU</subfield><subfield code="d">NPH</subfield><subfield code="d">NPX</subfield><subfield code="d">OCLCQ</subfield></datafield><datafield ind1=" " ind2=" " tag="042"><subfield code="a">msc</subfield></datafield><datafield ind1="0" ind2="0" tag="245"><subfield code="a">Shamokin herald.</subfield></datafield><datafield ind1=" " ind2=" " tag="260"><subfield code="a">Shamokin, Pa. :</subfield><subfield code="b">Daniel Bower and Jesse J. John,</subfield><subfield code="c">1862-</subfield></datafield><datafield ind1=" " ind2=" " tag="300"><subfield code="a">v. ;</subfield><subfield code="c">71 cm.</subfield></datafield><datafield ind1=" " ind2=" " tag="310"><subfield code="a">Weekly</subfield></datafield><datafield ind1="0" ind2=" " tag="362"><subfield code="a">Vol. 1, no. 1 (June 10, 1862)-</subfield></datafield><datafield ind1="1" ind2=" " tag="362"><subfield code="a">Ceased in 1918?</subfield><subfield code="z">Cf. Salisbury, R. Pa. newspapers.</subfield></datafield><datafield ind1=" " ind2=" " tag="500"><subfield code="a">Publishers: Owen M. Fowler, 1863-1874; Heffelfinger &amp; Coder, &lt;1876&gt;.</subfield></datafield><datafield ind1=" " ind2=" " tag="500"><subfield code="a">"Republican," &lt;1876&gt;.</subfield></datafield><datafield ind1=" " ind2=" " tag="500"><subfield code="a">Editors: Heffelfinger &amp; Coder, &lt;1876&gt;.</subfield></datafield><datafield ind1=" " ind2=" " tag="752"><subfield code="a">United States</subfield><subfield code="b">Pennsylvania</subfield><subfield code="c">Northumberland</subfield><subfield code="d">Shamokin.</subfield></datafield><datafield ind1="0" ind2=" " tag="775"><subfield code="t">Daily herald (Shamokin, Pa.)</subfield><subfield code="w">(DLC)sn 86081206</subfield></datafield><datafield ind1="1" ind2=" " tag="029"><subfield code="a">AU@</subfield><subfield code="b">000023525556</subfield></datafield></record>